@book{type_debugger_github,
title={Статья про scala type debugger1},
author={Author}
}

@book{type_debugger1,
title={Статья про scala type debugger1},
author={Author}
}

@book{type_debugger2,
title={Статья про scala type debugger2},
author={Author}
}

@book{scala_native,
title={Что-то про scala native},
author={Author}
}

@book{scalajs,
title={Что-то про scalajs},
author={Author}
}


@book{kozlov,
title={Дипломная работа.},
author={Козлов}
}

@book{eta_expansion,
title={Что то про эта-расширение.},
author={Author}
}


@book{dependent_types,
title={Что-то про зависимые типы в scala},
author={Author}
}

@book{automata,
title={Что-то про автоматические доказательства},
author={Author}
}

@book{dotty,
title={Ссылка на dotty, например},
author={Oderskiy}
}

@book{dot_calculus,
title={Статья про DOT систему типов},
author={Oderskiy}
}


@book{type_theory,
title={Теория типов},
author={Пирс}
}

@book{algebraic_data,
title={Что-то про алгебраичные типы данных},
author={Author}
}

@book{scala_spec,
title={спецификация скала},
author={Author}
}

@book{hindley–milner,
title={что-то про реализацию алгоритма хиндли-милнера},
author={Author}
}

@book{saturday_is_monday,
  author    = "Стругацкий, А.Н. and Стругацкий, Б.Н.",
  title     = "Понедельник начинается в субботу",
  address   = "М.",
  editor    = "Иванов",
  publisher = "Детская литература",
  year      = 1965,
  language  = "russian"
}
@book{book:fourier,
  title      = {Ряды и интеграл Фурье: Теория поля. Аналитические и специальные функции. Преобразование Лапласа},
  author     = {Кожевников, Н.И. and Краснощекова, Т.И. and Шишкин, Н.Е.},
  lccn       = {66051327},
  series     = {Избранные главы высшей математики для инженеров и студентов втузов. Задачи и упражнения},
  url        = {http://books.google.ru/books?id=xvXuAAAAMAAJ},
  year       = {1964},
  publisher  = {Наука},
  eprint     = {http://books.google.ru/books?id=xvXuAAAAMAAJ},
  eprinttype = {Google Books}
}
@online{wiki:lcd,
  author       = "Wikipedia",
  title        = "Наибольший общий делитель",
  howpublished = "Википедия, свободная энциклопедия",
  year         = 2012,
  url          = {http://goo.gl/1eEF3},
  urldate      = "08.04.2013",
  language     = "russian"
}
